
@article{zeckhauser1991nonrational,
  title={Nonrational actors and financial market behavior},
  author={Richard Zeckhauser and Jayendu Patel and Darryll Hendricks},
  journal={Theory and Decision},
  volume={31},
  number={2-3},
  pages={257--287},
  year={1991},
  publisher={Springer}
}
@article{kaizoji2015super,
  title={Super-exponential endogenous bubbles in an equilibrium model of fundamentalist and chartist traders},
  author={Kaizoji, Taisei and Leiss, Matthias and Saichev, Alexander and Sornette, Didier},
  journal={Journal of Economic Behavior \& Organization},
  volume={112},
  pages={289--310},
  year={2015},
  publisher={Elsevier}
}
@article{de1990noise,
  title={Noise trader risk in financial markets},
  author={De Long, J Bradford and Shleifer, Andrei and Summers, Lawrence H and Waldmann, Robert J},
  journal={Journal of political Economy},
  pages={703--738},
  year={1990},
  publisher={JSTOR}
}

@article{raberto2001agent,
  title={Agent-based simulation of a financial market},
  author={Raberto, Marco and Cincotti, Silvano and Focardi, Sergio M and Marchesi, Michele},
  journal={Physica A: Statistical Mechanics and its Applications},
  volume={299},
  number={1},
  pages={319--327},
  year={2001},
  publisher={Elsevier}
}

@article{lancaster1981surfaces,
  title={Surfaces generated by moving least squares methods},
  author={Lancaster, Peter and Salkauskas, Kes},
  journal={Mathematics of computation},
  volume={37},
  number={155},
  pages={141--158},
  year={1981}
}
